@article{massiveopenonlinecourses,
    author = "Mohammed Abdel Razek",
    title = "Dominant Meaning Method for Intelligent Topic-Based Information Agent towards More Flexible MOOCs",
    journal = "Intelligent Learning Systems and Applications,",
    volume = "6",
    number = "4",
    year = "2014",
    url = "https://www.scirp.org/reference/referencespapers?referenceid=1342727",
    keywords = "moocs"
}
@article{swatShare,
    author = "Mohammed Abdel Razek",
    title = "SWATShare – A web platform for collaborative research and education through online sharing, simulation and visualization of SWAT models",
    journal = "Intelligent Learning Systems and Applications,",
    year = "2014",
    url = "https://www.sciencedirect.com/science/article/abs/pii/S1364815215300906",
    keywords = "swatshare"
}
@article{crowdfunding,
    author = "Elizabeth Gerber, Julie Hui, Pei-Yi (Patricia) Kuo",
    title = "Crowdfunding: Why People are Motivated to Post and Fund Projects on Crowdfunding Platforms.",
    year = "2012",
    url = "https://www.researchgate.net/publication/261359489_Crowdfunding_Why_People_are_Motivated_to_Post_and_Fund_Projects_on_Crowdfunding_Platforms",
    keywords = "crowd"
}
@online{nometa,
    author = {Brandon High},
    title = {Please don't ask meta questions in chat},
    url  = {https://nometa.xyz/ru.html},
    year = "2019",
    keywords = {latex,nometa}
}
@online{covid,
    title = {Covid - 19},
    url  = {https://www.who.int/europe/emergencies/situations/covid-19},
    year = {2020},
    keywords = {latex,covid}
}
@online{stackoverlow,
    author = {By Joel Spolsky and Jeff Atwood},
    title = {Stack Overflow},
    year = {2008},
    url  = {https://stackoverflow.com/},
    keywords = {latex,stackoverflow}
}
@online{headhunter,
    author = {Mikhail Frolkin},
    title = {Headhunter},
    year = {2000},
    url  = {https://hh.kz/},
    keywords = {latex,headhunter}
}
@online{reddit,
    author = {Steve Huffman, Aaron Schwartz, Alexis Ohanian},
    title = {Reddit},
    year = {2005},
    url  = {https://reddit.com/},
    keywords = {latex,reddit}
}
@online{olx,
    author = {By Fabrice Grinda and Alexander Oxenford},
    title = {Olx},
    year = {2006},
    url  = {https://www.olx.kz/},
    keywords = {latex,olx}
}
@online{znanija,
    author = {Michal Borkowski},
    title = {Znanija},
    year = {2009},
    url  = {https://znanija.com/},
    keywords = {latex,znanija}
}
@online{starttime,
    title = {Starttime},
    year = {2017},
    url  = {https://start-time.kz/main},
    keywords = {latex,starttime}
}
@online{mvp,
    author ={Konstantin Kulikov},
    title = {MVP},
    year = {2020},
    url  = {https://konstantinkulikov.medium.com/что-такое-mvp-ec6e90c8eb3c},
    keywords = {latex,mvp}
}
@online{agile,
    author = {Mike Beadle},
    title = {Agile Methodology},
    year = {1994},
    url  = {https://www.agilealliance.org/agile101/},
    keywords = {latex,agile}
}
@online{agilemanifesto,
    author = {Kent Beck
Mike Beedle
Arie van Bennekum
Alistair Cockburn
Ward Cunningham
Martin Fowler
James Grenning
Jim Highsmith
Andrew Hunt
Ron Jeffries
Jon Kern
Brian Marick
Robert C. Martin
Steve Mellor
Ken Schwaber
Jeff Sutherland
Dave Thomas
},
    title = {Agile Manifesto},
    year = {2001},
    url  = {https://agilemanifesto.org/iso/ru/manifesto.html},
    keywords = {latex,agile}
}
@online{projectcharter,
    author = {Alexandr Ossipov},
    title = {Project Charter},
    year = {2024},
    url  = {https://docs.google.com/document/d/18kXkPhoUuEAkvBjzglfVNsPhJtMPI10Hi8m7MSZl18Y/edit
},
    keywords = {latex,projectcharter}
}
@online{gantChart,
    author = {Alexandr Ossipov},
    title = {Gant Chart},
    year = {2024},
    url  = {https://docs.google.com/spreadsheets/d/1wSOiz3LgTLE9wkpKQb2ItOqeFbg_Xxl_hoAXL9xNZGY/edit#gid=480297466
},
    keywords = {latex,gantchart}
}
@online{communicationplant,
    author = {Alexandr Ossipov},
    title = {Communication plan},
    year = {2024},
    url  = {https://docs.google.com/spreadsheets/d/1wSOiz3LgTLE9wkpKQb2ItOqeFbg_Xxl_hoAXL9xNZGY/edit#gid=1471311721
},
    keywords = {latex,communication}
}
@online{scrumguide,
    author = "Ken Schwaber and Jeff Sutherland ",
    title = {Scrum Guide},
    url  = {https://scrumguides.org/scrum-guide.html},
    year = "2020",
    keywords = {latex,scrumguide}
}
@online{executionplan,
    author = {Alexandr Ossipov},
    title = {Execution plan},
    year = {2024},
    url  = {https://docs.google.com/document/d/1rzm0XLRirwjElWH5refWvWD7PW5-DVhBMR2RD7Y_DAU/edit
},
    keywords = {latex,executionplan}
}
@online{racichart,
    author = {Alexandr Ossipov},
    title = {RACI Chart},
    year = {2024},
    url  = {https://docs.google.com/spreadsheets/d/1wSOiz3LgTLE9wkpKQb2ItOqeFbg_Xxl_hoAXL9xNZGY/edit#gid=750367959z3LgTLE9wkpKQb2ItOqeFbg_Xxl_hoAXL9xNZGY/edit?usp=sharing
},
    keywords = {latex,racichart}
}
@online{swotanalyse,
    author = {Alexandr Ossipov},
    title = {SWOT Analyse},
    year = {2024},
    url  = {https://docs.google.com/spreadsheets/d/1wSOiz3LgTLE9wkpKQb2ItOqeFbg_Xxl_hoAXL9xNZGY/edit#gid=1237137887
},
    keywords = {latex,swot}
}
@online{risksanalyse,
    author = {Alexandr Ossipov},
    title = {Risks Analyse},
    year = {2024},
    url  = {https://docs.google.com/spreadsheets/d/1wSOiz3LgTLE9wkpKQb2ItOqeFbg_Xxl_hoAXL9xNZGY/edit#gid=1046315873
},
    keywords = {latex,risks}
}
@online{discord,
    title = {Discord},
    year = {2024},
    url  = {https://discord.gg/nDh79pWM},
    keywords = {latex,discord}
}
@online{telegram,
    title = {Telegram},
    year = {2024},
    url  = {https://t.me/+R6Y7NPxuGDI3YjVi},
    keywords = {latex,telegram}
}
@online{jira,
    title = {Jira Backlog},
    year = {2024},
    url  = {https://skillfunding.atlassian.net/jira/software/projects/SKIL/boards/1/backlog
},
    keywords = {latex,jira}
}
@online{kanban,
    author = {nTask},
    title = {Kanban methodology},
    year = {2020},
    url  = {https://medium.com/ntask/a-brief-introduction-to-the-kanban-methodology-eb455f5f7c94
},
    keywords = {latex,kanban}
}
@online{swift,
    author = {Chris Lattner},
    title = {Swift programing language},
    year = {2005},
    url  = {https://learnswift.tips/},
    keywords = {latex,swift}
}
@online{react,
    author = {By Jordan Valke},
    title = {React programing language},
    year = {2011},
    url  = {https://react.dev/},
    keywords = {latex,react}
}
@online{htmlcssjs,
    author = {By Tim Berners-Lee, By Brendan Ike, Haakon Vium Lee},
    title = {HTML,CSS,JS programing language},
    year = {1995},
    url  = {https://html-css-js.com/},
    keywords = {latex,react}
}
@online{boostrap,
    author = {Twitter Blueprint},
    title = {Boostrap},
    year = {2011},
    url  = {https://getbootstrap.com/},
    keywords = {latex,bootstrap}
}
@online{jquery,
    author = {John Rezig},
    title = {JQuery},
    year = {2004},
    url  = {https://jquery.com/},
    keywords = {latex,jquery}
}
@online{design,
    author = {Aic Blog},
    title = {UX/UI design},
    year = {2018},
    url  = {https://medium.com/design-pub/что-такое-ux-ui-и-почему-об-этом-все-говорят-a5dbebd7e311
},
    keywords = {latex,designn}
}
@online{survey,
    title = {Survey},
    year = {2024},
    url  = {https://forms.gle/yW6LfT45i1KvjWAP7},
    keywords = {latex,survey}
}
@online{kaspi,
    author = {Vyacheslav Kim and Mikhail Lomtadze},
    title = {Kaspi},
    year = {1991},
    url  = {https://kaspi.kz/},
    keywords = {latex,kaspi}
}
@online{laravel,
    author = {Taylor Otwell},
    title = {Laravel},
    year = {2011},
    url  = {https://laravel.com/},
    keywords = {latex,laravel}
}
@online{postgressql,
    author = {By Michael Stonebreaker},
    title = {Postgressql},
    year = {1987},
    url  = {https://www.postgresql.org/},
    keywords = {latex,postgressql}
}
@online{aws,
    author = {By Jeff Bezos},
    title = {Amazon Web Service},
    year = {2006},
    url  = {https://aws.amazon.com/ru/},
    keywords = {latex,aws}
}
@online{dbms,
    author = {Edgar Frank "Ted" Codd},
    title = {Database Management System},
    year = {1974},
    url  = {https://www.geeksforgeeks.org/dbms/},
    keywords = {latex,dbms}
}
@online{swager,
    author = {Smart Bear},
    title = {Swager},
    year = {2011},
    url  = {https://practicum.yandex.ru/blog/chto-takoe-swagger/},
    keywords = {latex,swager}
}
@online{rest,
    author = {Roy Fielding},
    title = {Rest API},
    year = {2000},
    url  = {https://www.edureka.co/blog/what-is-rest-api/},
    keywords = {latex,rest}
}
@online{vercel,
    author = {ZEIT company},
    title = {Vercel},
    year = {2015},
    url  = {https://vercel.com/?ref=gobigger},
    keywords = {latex,vercel}
}
@online{github,
    author = {Chris Vanstras, Scott Hanson, P.J. Hiatt and Tom Preston-Werner},
    title = {Github},
    year = {2005},
    url  = {https://medium.com/@data.science.enthusiast/what-is-github-b6e6db02ed7f
},
    keywords = {latex,github}
}
@online{wireframe,
    title = {Wireframes},
    year = {2023},
    url  = {https://practicum.yandex.ru/blog/chto-takoe-vajrfrejmy/#:~:text=Вайрфрейм%20(от%20англ.%20wireframe%20—,значимые%20элементы%20в%20обобщённом%20виде},
    keywords = {latex,wireframe}
}
@online{dry,
    title = {Don't repeat yourself},
    year = {2002},
    url  = {https://davembush.github.io/dry-programming/},
    keywords = {latex,dry}
}
@online{kiss,
    title = {Keep it simple stupid},
    year = {2002},
    url  = {https://medium.com/sliitwif/keep-it-simple-stupid-the-kiss-principle-guide-to-developers-d6ad83145955},
    keywords = {latex,kiss}
}
@online{testflight,
    author = {Apple},
    title = {TestFlight},
    year = {2014},
    url  = {https://developer.apple.com/testflight/},
    keywords = {latex,test}
}
@online{miro,
    author = {Team Work},
    title = {Miro User Flow},
    year = {2024},
    url  = {https://miro.com/app/board/uXjVNx-7vnw=/?share_link_id=833989393823
},
    keywords = {latex,miro}
}
@online{skillswap,
    author = {Team Work},
    title = {SkillSwap website},
    url  = {https://astra-diploma.vercel.app/},
    year = "2024",
    keywords = {latex,skillswap}
}
@online{chatgpt,
    author = {Elon Musk},
    title = {Chat GPT},
    year = {2015},
    url  = {https://chat.openai.com/#/Blog},
    keywords = {latex,gpt}
}
@online{gitproject,
    author = {Team Work},
    title = {Github Project},
    year = {2024},
    url  = {https://github.com/Lepessov/astra},
    keywords = {latex,astra}
}
@online{student-fears,
    author = {Tatyana Vystavkina},
    title = {Student fears: why they appear and how to deal with them},
    url  = {https://knife.media/student-fears/},
    year = {2021},
    keywords = {latex,fears}
}